@article{Geladi:1986aa,
  Author = {Geladi, Paul and Kowalski, Bruce R},
	Journal = {Analytica chimica acta},
	Pages = {1--17},
	Title = {Partial least-squares regression: a tutorial},
	Volume = {185},
	Year = {1986}}

@book{johnson2007applied,
  Author = {Johnson, R.A. and Wichern, D.W.},
	Date-Added = {2014-10-21 11:24:08 +0000},
	Date-Modified = {2014-10-21 11:24:08 +0000},
	Isbn = {9780135143506},
	Lccn = {2006050673},
	Publisher = {Pearson Prentice Hall},
	Series = {Pearson Education International},
	Title = {Applied Multivariate Statistical Analysis},
	Url = {http://books.google.no/books?id=SJZnPwAACAAJ},
	Year = {2007},
	Bdsk-Url-1 = {http://books.google.no/books?id=SJZnPwAACAAJ},
	Bdsk-File-1 = {YnBsaXN0MDDUAQIDBAUGJCVYJHZlcnNpb25YJG9iamVjdHNZJGFyY2hpdmVyVCR0b3ASAAGGoKgHCBMUFRYaIVUkbnVsbNMJCgsMDxJXTlMua2V5c1pOUy5vYmplY3RzViRjbGFzc6INDoACgAOiEBGABIAFgAdccmVsYXRpdmVQYXRoWWFsaWFzRGF0YV8QWS4uLy4uLy4uLy4uLy4uL0Jvb2tzL1N0YXRpc3RpY3MvQXBwbGllZCBNdWx0aXZhcmlhdGUgU3RhdGlzdGljYWwgQW5hbHlzaXMtNnRoIEVkaXRpb24ucGRm0hcLGBlXTlMuZGF0YU8RAi4AAAAAAi4AAgAADE1hY2ludG9zaCBIRAAAAAAAAAAAAAAAAAAAAM5mBBdIKwAAABfrix9BcHBsaWVkIE11bHRpdmFyaWF0ZSMxN0VDOUIucGRmAAAAAAAAAAAAAAAAAAAAAAAAAAAAAAAAAAAAAAAAAAAAF+ybzTP+qgAAAAAAAAAAAAUAAwAACSAAAAAAAAAAAAAAAAAAAAAKU3RhdGlzdGljcwAQAAgAAM5l5/cAAAARAAgAAM0z8JoAAAABABAAF+uLABfm9AAG6DIAAmB1AAIAU01hY2ludG9zaCBIRDpVc2VyczoAdGhlcmltYWxheWE6AEJvb2tzOgBTdGF0aXN0aWNzOgBBcHBsaWVkIE11bHRpdmFyaWF0ZSMxN0VDOUIucGRmAAAOAHQAOQBBAHAAcABsAGkAZQBkACAATQB1AGwAdABpAHYAYQByAGkAYQB0AGUAIABTAHQAYQB0AGkAcwB0AGkAYwBhAGwAIABBAG4AYQBsAHkAcwBpAHMALQA2AHQAaAAgAEUAZABpAHQAaQBvAG4ALgBwAGQAZgAPABoADABNAGEAYwBpAG4AdABvAHMAaAAgAEgARAASAFxVc2Vycy90aGVyaW1hbGF5YS9Cb29rcy9TdGF0aXN0aWNzL0FwcGxpZWQgTXVsdGl2YXJpYXRlIFN0YXRpc3RpY2FsIEFuYWx5c2lzLTZ0aCBFZGl0aW9uLnBkZgATAAEvAAAVAAIAEv//AACABtIbHB0eWiRjbGFzc25hbWVYJGNsYXNzZXNdTlNNdXRhYmxlRGF0YaMdHyBWTlNEYXRhWE5TT2JqZWN00hscIiNcTlNEaWN0aW9uYXJ5oiIgXxAPTlNLZXllZEFyY2hpdmVy0SYnVHJvb3SAAQAIABEAGgAjAC0AMgA3AEAARgBNAFUAYABnAGoAbABuAHEAcwB1AHcAhACOAOoA7wD3AykDKwMwAzsDRANSA1YDXQNmA2sDeAN7A40DkAOVAAAAAAAAAgEAAAAAAAAAKAAAAAAAAAAAAAAAAAAAA5c=}}

@article{yeniay2002comparison,
  Author = {Yeniay, Ozg{\"u}r and Goktas, Atill},
	Date-Added = {2014-10-21 11:24:47 +0000},
	Date-Modified = {2014-10-21 11:24:47 +0000},
	Journal = {Hacettepe Journal of Mathematics and Statistics},
	Number = {99},
	Pages = {111},
	Publisher = {McGraw-Hill/Irwin},
	Title = {A comparison of partial least squares regression with other prediction methods},
	Volume = {31},
	Year = {2002},
	Bdsk-File-1 = {YnBsaXN0MDDUAQIDBAUGJCVYJHZlcnNpb25YJG9iamVjdHNZJGFyY2hpdmVyVCR0b3ASAAGGoKgHCBMUFRYaIVUkbnVsbNMJCgsMDxJXTlMua2V5c1pOUy5vYmplY3RzViRjbGFzc6INDoACgAOiEBGABIAFgAdccmVsYXRpdmVQYXRoWWFsaWFzRGF0YV8QTC4uLy4uL1Jlc2VhcmNoIFBhcGVycy9BIGNvbXBhcmlzaW9uIG9mIFBMUyB3aXRoIG90aGVyIHByZWRpY3Rpb24gTWV0aG9kcy5wZGbSFwsYGVdOUy5kYXRhTxECWgAAAAACWgACAAAMTWFjaW50b3NoIEhEAAAAAAAAAAAAAAAAAAAAzmYEF0grAAAADGiEH0EgY29tcGFyaXNpb24gb2YgUExTI0Y0QjU2QS5wZGYAAAAAAAAAAAAAAAAAAAAAAAAAAAAAAAAAAAAAAAAAAAD0tWrQXEnpAAAAAAAAAAAAAgACAAAJIAAAAAAAAAAAAAAAAAAAAA9SZXNlYXJjaCBQYXBlcnMAABAACAAAzmXn9wAAABEACAAA0FwtyQAAAAEAGAAMaIQADGfuAAxn4QAMZyYABugyAAJgdQACAGdNYWNpbnRvc2ggSEQ6VXNlcnM6AHRoZXJpbWFsYXlhOgBEcm9wYm94OgBVTUI6AFRoZXNpczoAUmVzZWFyY2ggUGFwZXJzOgBBIGNvbXBhcmlzaW9uIG9mIFBMUyNGNEI1NkEucGRmAAAOAG4ANgBBACAAYwBvAG0AcABhAHIAaQBzAGkAbwBuACAAbwBmACAAUABMAFMAIAB3AGkAdABoACAAbwB0AGgAZQByACAAcAByAGUAZABpAGMAdABpAG8AbgAgAE0AZQB0AGgAbwBkAHMALgBwAGQAZgAPABoADABNAGEAYwBpAG4AdABvAHMAaAAgAEgARAASAGtVc2Vycy90aGVyaW1hbGF5YS9Ecm9wYm94L1VNQi9UaGVzaXMvUmVzZWFyY2ggUGFwZXJzL0EgY29tcGFyaXNpb24gb2YgUExTIHdpdGggb3RoZXIgcHJlZGljdGlvbiBNZXRob2RzLnBkZgAAEwABLwAAFQACABL//wAAgAbSGxwdHlokY2xhc3NuYW1lWCRjbGFzc2VzXU5TTXV0YWJsZURhdGGjHR8gVk5TRGF0YVhOU09iamVjdNIbHCIjXE5TRGljdGlvbmFyeaIiIF8QD05TS2V5ZWRBcmNoaXZlctEmJ1Ryb290gAEACAARABoAIwAtADIANwBAAEYATQBVAGAAZwBqAGwAbgBxAHMAdQB3AIQAjgDdAOIA6gNIA0oDTwNaA2MDcQN1A3wDhQOKA5cDmgOsA68DtAAAAAAAAAIBAAAAAAAAACgAAAAAAAAAAAAAAAAAAAO2}}

@book{wooldridge2012introductory,
  Author = {Wooldridge, Jeffrey},
	Date-Added = {2014-10-22 08:38:38 +0000},
	Date-Modified = {2014-10-22 08:38:38 +0000},
	Publisher = {Cengage Learning},
	Title = {Introductory econometrics: A modern approach},
	Year = {2012}}

@book{faraway2004linear,
  Author = {Faraway, Julian J},
	Date-Added = {2014-10-22 08:26:23 +0000},
	Date-Modified = {2014-10-22 08:26:23 +0000},
	Publisher = {CRC Press},
	Title = {Linear models with R},
	Year = {2004}}

@article{OabRob2007,
  Author = {O{\^a}brien, RobertM.},
  Date-Added = {2014-10-22 23:28:09 +0000},
  Date-Modified = {2014-10-22 23:28:41 +0000},
	Doi = {10.1007/s11135-006-9018-6},
	Issn = {0033-5177},
	Journal = {Quality \& Quantity},
	Keywords = {multi-collinearity; tolerance; variance inflation factors; variance of regression coefficients},
	Language = {English},
	Number = {5},
	Pages = {673-690},
	Publisher = {Springer Netherlands},
	Title = {A Caution Regarding Rules of Thumb for Variance Inflation Factors},
	Url = {http://dx.doi.org/10.1007/s11135-006-9018-6},
	Volume = {41},
	Year = {2007},
	Bdsk-Url-1 = {http://dx.doi.org/10.1007/s11135-006-9018-6}
}

@book{martens1992multivariate,
  Author = {Martens, H. and Naes, T.},
	Date-Added = {2014-10-29 10:23:34 +0000},
	Date-Modified = {2014-10-29 10:23:34 +0000},
	Isbn = {9780471930471},
	Lccn = {89014693},
	Publisher = {Wiley},
	Title = {Multivariate Calibration},
	Url = {http://books.google.no/books?id=6lVcUeVDg9IC},
	Year = {1992},
	Bdsk-Url-1 = {http://books.google.no/books?id=6lVcUeVDg9IC}}

@book{massart1998handbook,
  Author = {Massart, D.L.},
	Date-Added = {2014-10-29 11:57:01 +0000},
	Date-Modified = {2014-10-29 11:57:01 +0000},
	Isbn = {9780444897244},
	Lccn = {98042544},
	Number = {pt. 1},
	Publisher = {Elsevier},
	Series = {Data handling in science and technology},
	Title = {Handbook of Chemometrics and Qualimetrics},
	Url = {http://books.google.no/books?id=0u7vAAAAMAAJ},
	Year = {1998},
	Bdsk-Url-1 = {http://books.google.no/books?id=0u7vAAAAMAAJ}}


@book{seber2008matrix,
  Author = {Seber, George AF},
	Date-Added = {2014-10-31 20:06:31 +0000},
	Date-Modified = {2014-10-31 20:06:31 +0000},
	Publisher = {John Wiley \& Sons},
	Title = {A matrix handbook for statisticians},
	Volume = {15},
	Year = {2008},
	Bdsk-File-1 = {YnBsaXN0MDDUAQIDBAUGJCVYJHZlcnNpb25YJG9iamVjdHNZJGFyY2hpdmVyVCR0b3ASAAGGoKgHCBMUFRYaIVUkbnVsbNMJCgsMDxJXTlMua2V5c1pOUy5vYmplY3RzViRjbGFzc6INDoACgAOiEBGABIAFgAdccmVsYXRpdmVQYXRoWWFsaWFzRGF0YV8QVy4uLy4uLy4uLy4uLy4uL0Jvb2tzL1N0YXRpc3RpY3MvQSBNYXRyaXggSGFuZGJvb2sgZm9yIFN0YXRpc3RpY2lhbnN+dHF3fl9kYXJrc2lkZXJnLnBkZtIXCxgZV05TLmRhdGFPEQIoAAAAAAIoAAIAAAxNYWNpbnRvc2ggSEQAAAAAAAAAAAAAAAAAAADOZgQXSCsAAAAX64sfQSBNYXRyaXggSGFuZGJvb2sgZm8jMTdFQkEyLnBkZgAAAAAAAAAAAAAAAAAAAAAAAAAAAAAAAAAAAAAAAAAAABfrosctQWoAAAAAAAAAAAAFAAMAAAkgAAAAAAAAAAAAAAAAAAAAClN0YXRpc3RpY3MAEAAIAADOZef3AAAAEQAIAADHLTNaAAAAAQAQABfriwAX5vQABugyAAJgdQACAFNNYWNpbnRvc2ggSEQ6VXNlcnM6AHRoZXJpbWFsYXlhOgBCb29rczoAU3RhdGlzdGljczoAQSBNYXRyaXggSGFuZGJvb2sgZm8jMTdFQkEyLnBkZgAADgBwADcAQQAgAE0AYQB0AHIAaQB4ACAASABhAG4AZABiAG8AbwBrACAAZgBvAHIAIABTAHQAYQB0AGkAcwB0AGkAYwBpAGEAbgBzAH4AdABxAHcAfgBfAGQAYQByAGsAcwBpAGQAZQByAGcALgBwAGQAZgAPABoADABNAGEAYwBpAG4AdABvAHMAaAAgAEgARAASAFpVc2Vycy90aGVyaW1hbGF5YS9Cb29rcy9TdGF0aXN0aWNzL0EgTWF0cml4IEhhbmRib29rIGZvciBTdGF0aXN0aWNpYW5zfnRxd35fZGFya3NpZGVyZy5wZGYAEwABLwAAFQACABL//wAAgAbSGxwdHlokY2xhc3NuYW1lWCRjbGFzc2VzXU5TTXV0YWJsZURhdGGjHR8gVk5TRGF0YVhOU09iamVjdNIbHCIjXE5TRGljdGlvbmFyeaIiIF8QD05TS2V5ZWRBcmNoaXZlctEmJ1Ryb290gAEACAARABoAIwAtADIANwBAAEYATQBVAGAAZwBqAGwAbgBxAHMAdQB3AIQAjgDoAO0A9QMhAyMDKAMzAzwDSgNOA1UDXgNjA3ADcwOFA4gDjQAAAAAAAAIBAAAAAAAAACgAAAAAAAAAAAAAAAAAAAOP}}


@book{harville2008matrix,
  Author = {Harville, David A},
	Date-Added = {2014-10-31 20:36:51 +0000},
	Date-Modified = {2014-10-31 20:36:51 +0000},
	Publisher = {Springer},
	Title = {Matrix algebra from a statistician's perspective},
	Year = {2008},
	Bdsk-File-1 = {YnBsaXN0MDDUAQIDBAUGJCVYJHZlcnNpb25YJG9iamVjdHNZJGFyY2hpdmVyVCR0b3ASAAGGoKgHCBMUFRYaIVUkbnVsbNMJCgsMDxJXTlMua2V5c1pOUy5vYmplY3RzViRjbGFzc6INDoACgAOiEBGABIAFgAdccmVsYXRpdmVQYXRoWWFsaWFzRGF0YV8QUy4uLy4uLy4uLy4uLy4uL0Jvb2tzL1N0YXRpc3RpY3MvTWF0cml4IEFsZ2VicmEgRnJvbSBhIFN0YXRpc3RpY2FuJ3MgUHJlc3BlY3RpdmUucGRm0hcLGBlXTlMuZGF0YU8RAhwAAAAAAhwAAgAADE1hY2ludG9zaCBIRAAAAAAAAAAAAAAAAAAAAM5mBBdIKwAAABfrix9NYXRyaXggQWxnZWJyYSBGcm9tICMxN0YwNTkucGRmAAAAAAAAAAAAAAAAAAAAAAAAAAAAAAAAAAAAAAAAAAAAF/BZzHwcMwAAAAAAAAAAAAUAAwAACSAAAAAAAAAAAAAAAAAAAAAKU3RhdGlzdGljcwAQAAgAAM5l5/cAAAARAAgAAMx8ABMAAAABABAAF+uLABfm9AAG6DIAAmB1AAIAU01hY2ludG9zaCBIRDpVc2VyczoAdGhlcmltYWxheWE6AEJvb2tzOgBTdGF0aXN0aWNzOgBNYXRyaXggQWxnZWJyYSBGcm9tICMxN0YwNTkucGRmAAAOAGgAMwBNAGEAdAByAGkAeAAgAEEAbABnAGUAYgByAGEAIABGAHIAbwBtACAAYQAgAFMAdABhAHQAaQBzAHQAaQBjAGEAbgAnAHMAIABQAHIAZQBzAHAAZQBjAHQAaQB2AGUALgBwAGQAZgAPABoADABNAGEAYwBpAG4AdABvAHMAaAAgAEgARAASAFZVc2Vycy90aGVyaW1hbGF5YS9Cb29rcy9TdGF0aXN0aWNzL01hdHJpeCBBbGdlYnJhIEZyb20gYSBTdGF0aXN0aWNhbidzIFByZXNwZWN0aXZlLnBkZgATAAEvAAAVAAIAEv//AACABtIbHB0eWiRjbGFzc25hbWVYJGNsYXNzZXNdTlNNdXRhYmxlRGF0YaMdHyBWTlNEYXRhWE5TT2JqZWN00hscIiNcTlNEaWN0aW9uYXJ5oiIgXxAPTlNLZXllZEFyY2hpdmVy0SYnVHJvb3SAAQAIABEAGgAjAC0AMgA3AEAARgBNAFUAYABnAGoAbABuAHEAcwB1AHcAhACOAOQA6QDxAxEDEwMYAyMDLAM6Az4DRQNOA1MDYANjA3UDeAN9AAAAAAAAAgEAAAAAAAAAKAAAAAAAAAAAAAAAAAAAA38=}}

@article{han2010computing,
  Author = {Han, Tony X},
	Date-Added = {2014-10-31 21:50:08 +0000},
	Date-Modified = {2014-10-31 21:50:08 +0000},
	Journal = {Cognitive Computer Vision},
	Title = {Computing Principal Components with the Eigen-decomposition of a Low Dimensional Matrix},
	Year = {2010},
	Bdsk-File-1 = {YnBsaXN0MDDUAQIDBAUGJCVYJHZlcnNpb25YJG9iamVjdHNZJGFyY2hpdmVyVCR0b3ASAAGGoKgHCBMUFRYaIVUkbnVsbNMJCgsMDxJXTlMua2V5c1pOUy5vYmplY3RzViRjbGFzc6INDoACgAOiEBGABIAFgAdccmVsYXRpdmVQYXRoWWFsaWFzRGF0YV8QKC4uLy4uL1JlZmVyZW5jZSBNYXRlcmlhbC9QQ0FfQ29tcHV0ZS5wZGbSFwsYGVdOUy5kYXRhTxEB3AAAAAAB3AACAAAMTWFjaW50b3NoIEhEAAAAAAAAAAAAAAAAAAAAzmYEF0grAAAADGiZD1BDQV9Db21wdXRlLnBkZgAAAAAAAAAAAAAAAAAAAAAAAAAAAAAAAAAAAAAAAAAAAAAAAAAAAAAAAAAAAAAAAAEZdS7QecLsAAAAAAAAAAAAAgACAAAJIAAAAAAAAAAAAAAAAAAAABJSZWZlcmVuY2UgTWF0ZXJpYWwAEAAIAADOZef3AAAAEQAIAADQebTcAAAAAQAYAAxomQAMZ+4ADGfhAAxnJgAG6DIAAmB1AAIAWk1hY2ludG9zaCBIRDpVc2VyczoAdGhlcmltYWxheWE6AERyb3Bib3g6AFVNQjoAVGhlc2lzOgBSZWZlcmVuY2UgTWF0ZXJpYWw6AFBDQV9Db21wdXRlLnBkZgAOACAADwBQAEMAQQBfAEMAbwBtAHAAdQB0AGUALgBwAGQAZgAPABoADABNAGEAYwBpAG4AdABvAHMAaAAgAEgARAASAEdVc2Vycy90aGVyaW1hbGF5YS9Ecm9wYm94L1VNQi9UaGVzaXMvUmVmZXJlbmNlIE1hdGVyaWFsL1BDQV9Db21wdXRlLnBkZgAAEwABLwAAFQACABL//wAAgAbSGxwdHlokY2xhc3NuYW1lWCRjbGFzc2VzXU5TTXV0YWJsZURhdGGjHR8gVk5TRGF0YVhOU09iamVjdNIbHCIjXE5TRGljdGlvbmFyeaIiIF8QD05TS2V5ZWRBcmNoaXZlctEmJ1Ryb290gAEACAARABoAIwAtADIANwBAAEYATQBVAGAAZwBqAGwAbgBxAHMAdQB3AIQAjgC5AL4AxgKmAqgCrQK4AsECzwLTAtoC4wLoAvUC+AMKAw0DEgAAAAAAAAIBAAAAAAAAACgAAAAAAAAAAAAAAAAAAAMU}}

@article{fang1991forecasting,
	Author = {Fang, Hsing and Kwong, K Kern},
	Date-Added = {2014-11-11 00:06:02 +0000},
	Date-Modified = {2014-11-11 00:06:02 +0000},
	Journal = {THE JOURNAL OF BUSINESS},
	Title = {Forecasting Foreign Exchange Rates},
	Volume = {92},
	Year = {1991}}

@webpage{sur2005,
	Author = {Suranovic, Steve M.},
	Chapter = {International Finance Theory and Policy - Chapter 80-8},
	Date-Added = {2014-11-11 00:07:54 +0000},
	Date-Modified = {2014-11-11 00:15:36 +0000},
	Lastchecked = {04/07/05},
	Title = {Balance of Payments Deficits and Surpluses},
	Url = {http://internationalecon.com/Finance/Fch80/F80-8.php},
	Bdsk-Url-1 = {http://internationalecon.com/Finance/Fch80/F80-8.php}}

@book{appleyard2014international,
	Author = {Appleyard, D.R.},
	Date-Added = {2014-11-12 00:46:01 +0000},
	Date-Modified = {2014-11-12 00:46:01 +0000},
	Isbn = {9781259010576},
	Publisher = {McGraw-Hill Education},
	Series = {The McGraw-Hill series economics},
	Title = {International Economics},
	Url = {http://books.google.no/books?id=kUFTMAEACAAJ},
	Year = {2014},
	Bdsk-Url-1 = {http://books.google.no/books?id=kUFTMAEACAAJ}}
